@book{MacFarlane-2020-PhilosophicalLogicContemporary,
  title = {Philosophical Logic: A Contemporary Introduction},
  shorttitle = {Philosophical Logic},
  author = {MacFarlane, John},
  year = {2020},
  month = nov,
  publisher = {Routledge},
  address = {New York},
  doi = {10.4324/9781315185248},
  isbn = {978-1-315-18524-8}
}
